
%%%%%%%%%%%%%%%%%%%%%%%%%%%%%%%%%%%%%%%%%%%%%%%%%%%%%%%%%%%%%%

@misc{nalisnick2016stickbreaking,
    title={Stick-Breaking Variational Autoencoders},
    author={Eric Nalisnick and Padhraic Smyth},
    year={2016},
    eprint={1605.06197},
    archivePrefix={arXiv},
    primaryClass={stat.ML}
}

@misc{kingma2013autoencoding,
    title={Auto-Encoding Variational Bayes},
    author={Diederik P Kingma and Max Welling},
    year={2013},
    eprint={1312.6114},
    archivePrefix={arXiv},
    primaryClass={stat.ML}
}

@misc{dasgupta_deep_2018,
	title = {Deep {Autoencoders} using {Tensorflow}},
	url = {https://towardsdatascience.com/deep-autoencoders-using-tensorflow-c68f075fd1a3},
	abstract = {In this tutorial, we will be exploring an unsupervised learning neural net called Autoencoders.},
	language = {en},
	urldate = {2019-12-01},
	journal = {Medium},
	author = {Dasgupta, Tathagat},
	month = aug,
	year = {2018},
	file = {Snapshot:/home/eleicha/Zotero/storage/U3XJML8R/deep-autoencoders-using-tensorflow-c68f075fd1a3.html:text/html}
}