@inproceedings{scotty,
  title={Efficient Window Aggregation with General Stream Slicing.},
  author={Traub, Jonas and Grulich, Philipp M and Cu{\'e}llar, Alejandro Rodr{\'\i}guez and Bre{\ss}, Sebastian and Katsifodimos, Asterios and Rabl, Tilmann and Markl, Volker},
  booktitle={EDBT},
  pages={97--108},
  year={2019}
}
@inproceedings{astream,
  title={astream},
  author={},
  booktitle={},
  pages={},
  year={}
}
@inproceedings{gtfs,
  title={gtfs},
  author={},
  booktitle={},
  pages={},
  year={}
}

@inproceedings{streamproc,
  title={streamproc},
  author={},
  booktitle={},
  pages={},
  year={}
}

@inproceedings{iot-heterogeneous,
  title={iot-heterogeneous},
  author={},
  booktitle={},
  pages={},
  year={}
}

@inproceedings{iot-dataflow,
  title={iot-dataflow},
  author={},
  booktitle={},
  pages={},
  year={}
}

@inproceedings{flink-backend,
  title={flink-backend},
  author={},
  booktitle={},
  pages={},
  year={}
}
@inproceedings{in-network,
  title={in-network},
  author={},
  booktitle={},
  pages={},
  year={}
}

@misc{sumo,
  title={SUMO - Simulation of Urban Mobility},
  howpublished = {\url{http://sumo.dlr.de/index.html}},
  note = {Accessed: 2019-11-14}
}

@inproceedings{Ester:1996:DAD:3001460.3001507,
 author = {Ester, Martin and Kriegel, Hans-Peter and Sander, J\"{o}rg and Xu, Xiaowei},
 title = {A Density-based Algorithm for Discovering Clusters a Density-based Algorithm for Discovering Clusters in Large Spatial Databases with Noise},
 booktitle = {Proceedings of the Second International Conference on Knowledge Discovery and Data Mining},
 series = {KDD'96},
 year = {1996},
 location = {Portland, Oregon},
 pages = {226--231},
 numpages = {6},
 url = {http://dl.acm.org/citation.cfm?id=3001460.3001507},
 acmid = {3001507},
 publisher = {AAAI Press},
 keywords = {arbitrary shape of clusters, clustering algorithms, efficiency on large spatial databases, handling nlj4-275oise},
} 